
@inproceedings{Yarom2014,
 author = {Yarom, Yuval and Falkner, Katrina},
 title = {FLUSH+RELOAD: A High Resolution, Low Noise, L3 Cache Side-channel Attack},
 booktitle = {Proceedings of the 23rd USENIX Conference on Security Symposium},
 series = {SEC'14},
 year = {2014},
 isbn = {978-1-931971-15-7},
 location = {San Diego, CA},
 pages = {719--732},
 numpages = {14},
 publisher = {USENIX Association},
 address = {Berkeley, CA, USA}
} 


@article{Lipp2018meltdown,
 author = {Lipp, Moritz and Schwarz, Michael and Gruss, Daniel and Prescher, Thomas and Haas, Werner and Mangard, Stefan and Kocher, Paul and Genkin, Daniel and Yarom, Yuval and Hamburg, Mike},
 title = {Meltdown},
 journal = {ArXiv e-prints},
 archivePrefix = "arXiv",
 eprint = {1801.01207},
 year = 2018,
 month = jan,
}

@article{Kocher2018spectre,
 author = {Kocher, Paul and Genkin, Daniel and Gruss, Daniel and Haas, Werner and Hamburg, Mike and Lipp, Moritz and Mangard, Stefan and Prescher, Thomas and Schwarz, Michael and Yarom, Yuval},
 title = {Spectre Attacks: Exploiting Speculative Execution},
 journal = {ArXiv e-prints},
 archivePrefix = "arXiv",
 eprint = {1801.01203},
 year = 2018,
 month = jan,
}

@misc{wiki:outoforder,
    author = "Wikipedia contributors",
    title = "Out-of-order execution --- Wikipedia{,} The Free Encyclopedia",
    year = "2018",
    howpublished = "\url{https://en.wikipedia.org/w/index.php?title=Out-of-order_execution&oldid=826217063}",
    note = "[Online; accessed 21-February-2018]"
  }

@misc{wiki:protectionring,
    author = "Wikipedia contributors",
    title = "Protection ring --- Wikipedia{,} The Free Encyclopedia",
    year = "2018",
    howpublished = "\url{https://en.wikipedia.org/w/index.php?title=Protection_ring&oldid=819149884}",
    note = "[Online; accessed 21-February-2018]"
  }

@misc{sigsetjmp,
   author = {The Open Group},
   title = {\texttt{sigsetjmp} - set jump point for a non-local goto},
   howpublished = "\url{http://pubs.opengroup.org/onlinepubs/7908799/xsh/sigsetjmp.html}",
   year = 1997
}

@misc{meltdowdemo,
   author = {IAIK},
   title = {Github repository for Meltdown demonstration},
   howpublished = "\url{https://github.com/IAIK/meltdown/issues/9}",
   year = 2018
}

@misc{boldin,
   author = {Pavel Boldin},
   title = {Explains about little assembly code \#33},
   howpublished = "\url{https://github.com/paboldin/meltdown-exploit/issues/33}",
   year = 2018
}
