
@article{dns:Kaminsky,
  author = {D. Schneider},
  title = {Fresh Phish, How a recently discovered flaw in the 
           Internet's Domain Name System makes it easy for 
	   scammers to lure you to fake Web sites},
  journal={IEEE Spectrum},
  note = {\url{http://spectrum.ieee.org/computing/software/fresh-phish}},
  year = 2008
}


@BOOK{seedbook,
  TITLE = {Computer \& Internet Security: A Hands-on Approach, 2nd Edition},
  AUTHOR = {Du, Wenliang},
  PUBLISHER = {Self publishing},
  MONTH = {May},
  YEAR = {2019},
  note={{ISBN:} 978-1733003933. URL: \url{https://www.handsonsecurity.net}}
}


